<?xml version="1.0" encoding="UTF-8"?><record xmlns="http://www.loc.gov/MARC21/slim" xmlns:cinclude="http://apache.org/cocoon/include/1.0" xmlns:zs="http://www.loc.gov/zing/srw/">
  <leader>00495nz  a2200133n  4500</leader>
  <controlfield tag="001">no 96030662 </controlfield>
  <controlfield tag="003">DLC</controlfield>
  <controlfield tag="005">19960614060459.7</controlfield>
  <controlfield tag="008">960613n| acannaab|          |n aaa     c</controlfield>
  <datafield tag="010" ind1=" " ind2=" ">
    <subfield code="a">no 96030662 </subfield>
  </datafield>
  <datafield tag="035" ind1=" " ind2=" ">
    <subfield code="a">(OCoLC)oca04098252 </subfield>
  </datafield>
  <datafield tag="040" ind1=" " ind2=" ">
    <subfield code="a">ICRL</subfield>
    <subfield code="c">ICRL</subfield>
  </datafield>
  <datafield tag="100" ind1="1" ind2="0">
    <subfield code="a">Prokopʹeva, Vera Gennadʹevna</subfield>
  </datafield>
  <datafield tag="670" ind1=" " ind2=" ">
    <subfield code="a">Razvitie lichnogo faktora obshchestvennogo proizvodstva v uslovii︠a︡kh sovershenstvovanii︠a︡ sot︠s︡ializma, 1988:</subfield>
    <subfield code="b">t.p. (Prokopʹeva Vera Gennadʹevna; kand. ėkon. nauk (1988))</subfield>
  </datafield>
</record>